@misc{MAPPERS,
    author = {NES Dev Wiki},
    title = {Mappers},
    year = "2022",
    url = {https://www.nesdev.org/wiki/Mapper}
}

@article{MOS6502,
    title={13. MOS Technology 6502},
    author={SCHLYTER, ERIK and JOHANSSON, MATTIAS},
    journal={Student Papers in Computer Architecture, 2004},
    pages={53},
    year={2005},
    publisher={Citeseer}
}
